
@article{tromp2005seismic,
  title={Seismic tomography, adjoint methods, time reversal and banana-doughnut kernels},
  author={Tromp, Jeroen and Tape, Carl and Liu, Qinya},
  journal={Geophysical Journal International},
  volume={160},
  number={1},
  pages={195--216},
  year={2005},
  publisher={Blackwell Publishing Ltd Oxford, UK}
}

@article{sambridge2001finding,
  title={Finding acceptable models in nonlinear inverse problems using a neighbourhood algorithm},
  author={Sambridge, Malcolm},
  journal={Inverse Problems},
  volume={17},
  number={3},
  pages={387},
  year={2001},
  publisher={IOP Publishing}
}

@article{sambridge2002monte,
  title={Monte Carlo methods in geophysical inverse problems},
  author={Sambridge, Malcolm and Mosegaard, Klaus},
  journal={Reviews of Geophysics},
  volume={40},
  number={3},
  pages={3--1},
  year={2002},
  publisher={Wiley Online Library}
}

@article{sambridge2014parallel,
  title={A parallel tempering algorithm for probabilistic sampling and multimodal optimization},
  author={Sambridge, Malcolm},
  journal={Geophysical Journal International},
  volume={196},
  number={1},
  pages={357--374},
  year={2014},
  publisher={Oxford University Press}
}

@inproceedings{louboutin2017extending,
  title={Extending the Search Space of Time-domain Adjoint-state FWI with Randomized Implicit Time Shifts},
  author={Louboutin, Mathias and Herrmann, Felix J},
  booktitle={79th EAGE Conference and Exhibition 2017},
  year={2017}
}

@article{komatitsch2016anelastic,
  author = {Komatitsch, Dimitri and Xie, Zhinan and Bozdağ, Ebru and Sales de Andrade, Elliott and Peter, Daniel and Liu, Qinya and Tromp, Jeroen},
  title = {Anelastic sensitivity kernels with parsimonious storage for adjoint tomography and full waveform inversion},
  journal = {Geophysical Journal International},
  volume = {206},
  number = {3},
  pages = {1467--1478},
  year = {2016},
  month = {06},
}

@article{minson2013bayesian,
  title={Bayesian inversion for finite fault earthquake source models I—Theory and algorithm},
  author={Minson, SE and Simons, M and Beck, JL},
  journal={Geophysical Journal International},
  volume={194},
  number={3},
  pages={1701--1726},
  year={2013},
  publisher={Oxford University Press}
}

@article{tape2007finite,
  title={Finite-frequency tomography using adjoint methods—Methodology and examples using membrane surface waves},
  author={Tape, Carl and Liu, Qinya and Tromp, Jeroen},
  journal={Geophysical Journal International},
  volume={168},
  number={3},
  pages={1105--1129},
  year={2007},
  publisher={Blackwell Publishing Ltd Oxford, UK}
}

@article{sager2018towards,
  title={Towards full waveform ambient noise inversion},
  author={Sager, Korbinian and Ermert, Laura and Boehm, Christian and Fichtner, Andreas},
  journal={Geophysical Journal International},
  volume={212},
  number={1},
  pages={566--590},
  year={2018},
  publisher={Oxford University Press}
}

@article{mordret2014ambient,
  title={Ambient noise surface wave tomography to determine the shallow shear velocity structure at Valhall: depth inversion with a Neighbourhood Algorithm},
  author={Mordret, A and Land{\`e}s, M and Shapiro, NM and Singh, SC and Roux, P},
  journal={Geophysical Journal International},
  volume={198},
  number={3},
  pages={1514--1525},
  year={2014},
  publisher={Oxford University Press}
}

